@inproceedings{cole2013wrapping,
  title={On wrapping spheres and cubes with rectangular paper},
  author={Cole, Alex and Demaine, Erik D and Fox-Epstein, Eli},
  booktitle={Japanese Conference on Discrete and Computational Geometry and Graphs},
  pages={31--43},
  year={2013},
  organization={Springer}
}

@article{norwood1992worm,
  title={The worm problem of Leo Moser},
  author={Norwood, Rick and Poole, George and Laidacker, Michael},
  journal={Discrete \& Computational Geometry},
  volume={7},
  number={2},
  pages={153--162},
  year={1992},
  publisher={Springer}
}

@article{wagner1976sofa,
  title={The sofa problem},
  author={Wagner, Neal R},
  journal={Amer. Math. Monthly},
  volume={83},
  pages={188--189},
  year={1976}
}

@misc{Github,
  author = {Hamilton, Linus},
  title = {Efficient polyhedra folds},
  year = {2020},
  publisher = {GitHub},
  journal = {GitHub repository},
  howpublished = {\url{https://github.com/6849-2020/efficient-polyhedra-folds/blob/main/foldingPolyhedra.py}},
}